@incollection{capstone,  
  title={Capstone Experiences},  
  author={Kecskes, Kevin and Kerrigan, Seanna},  
  booktitle={Civic Engagement in Higher Education: Concepts and Practices},  
  chapter={7},
  pages={117--139},  
  year={2009},
  publisher={Jossey-Bass},
  address={San Francisco, CA},
  doi={10.2202/1940-1639.1050}
}

@misc{JustOne2018,
    title={Just One},
    author={{Repos Production}},
    year={2018},
    publisher={Repos Production}
}

@article{cochran2015extending,
  title={Extending “Lego{\textregistered} My Simplex”},
  author={Cochran, James J},
  journal={INFORMS Transactions on Education},
  volume={15},
  number={3},
  pages={224--231},
  year={2015},
  publisher={INFORMS},
  doi={10.1287/ited.2015.0139}
}

@inproceedings{warner2017hack,
  title={Hack. edu: Examining how college hackathons are perceived by student attendees and non-attendees},
  author={Warner, Jeremy and Guo, Philip J},
  booktitle={Proceedings of the 2017 ACM Conference on International Computing Education Research},
  pages={254--262},
  year={2017},
  doi={10.1145/3105726.3106174}
}


@article{bruneel_investigating_2010,
	title = {Investigating the factors that diminish the barriers to university-industry collaboration},
	volume = {39},
	doi = {https://doi.org/10.1016/j.respol.2010.03.006},	
	number = {7},
	journal = {Research Policy},
	author = {Bruneel, Johan and D’Este, Pablo and Salter, Ammon},
	year = {2010},
	keywords = {Barriers to collaboration, Inter-organizational trust, Universities, University-industry collaboration},
	pages = {858--868},
}

@article{lifelonglearning,
  title={Embracing a Culture of Lifelong Learning: Older Adult Learning and Active Ageing: Bridging Self-Actualization and Emancipation},
  author={Sibai, Abla M and Hachem, Hany},
  year={2021},
  publisher={UNESCO Institute for Lifelong Learning},
URL={https://unesdoc.unesco.org/ark:/48223/pf0000377822.locale=en}
}

@book{michaelsenTBL,
  title={Team-based learning: A transformative use of small groups in college teaching},
  author={Michaelsen, Larry K and Knight, Arletta Bauman and Fink, L Dee},
  year={2023},
  publisher={Taylor \& Francis},
  isbn={9781579220860}
}

@article{coteaching,
  title={Co-teaching: Guidelines for creating effective practices},
  author={Cook, Lynne and Friend, Marilyn},
  journal={Focus on exceptional children},
  volume={28},
  year={1995},
  publisher={Love Publishing Company},
  ISSN={ISSN-0015-511X}
}
@article{bacharach2008co,
  title={Co-teaching in higher education},
  author={Bacharach, Nancy and Heck, Teresa Washut and Dahlberg, Kathryn},
  journal={Journal of College Teaching \& Learning (TLC)},
  volume={5},
  number={3},
  year={2008},
  issn={ISSN-1544-0389}
}

@article{wineburg1997beyond,
  title={Beyond "breadth and depth": Subject matter knowledge and assessment},
  author={Wineburg, Sam},
  journal={Theory Into Practice},
  volume={36},
  number={4},
  pages={255-261},
  year={1997},
  publisher={Taylor & Francis},
  doi={10.1080/00405849709543776}
}

@book{hattie2012visible,
  title={Visible learning for teachers: Maximizing impact on learning},
  author={Hattie, John},
  year={2012},
  publisher={Routledge},
doi={10.4324/9780203181522}
}


@incollection{biggs_constructive,
	address = {Cham},
	title = {Constructive {Alignment}: {An} {Outcomes}-{Based} {Approach} to {Teaching} {Anatomy}},
	booktitle = {Teaching {Anatomy}: {A} {Practical} {Guide}},
	publisher = {Springer International Publishing},
	author = {Biggs, John and Tang, Catherine},
	editor = {Chan, Lap Ki and Pawlina, Wojciech},
	year = {2015},
	doi = {10.1007/978-3-319-08930-0_4},
	pages = {31--38},
}

@book{biggs_university,
  title={Teaching for Quality Learning at University},
  author={Biggs, John and Tang, Catherine},
  year={2022},
  edition={5th},
  publisher={Open University Press},
  isbn={978033520837}
}

@report{bonwell1991active,
  title={Active Learning: Creating Excitement in the Classroom},
  author={Bonwell, Charles C. and Eison, James A.},
  year={1991},
  institution={1991 ASHE-ERIC Higher Education Reports},
  address={Washington, DC},
  series={ASHE-ERIC Higher Education Reports},
  number={1},
  publisher={School of Education and Human Development, George Washington},
  note={ERIC Document Reproduction Service No. ED336049}
}

@article{freeman2014active,
  title={Active learning increases student performance in science, engineering, and mathematics},
  author={Freeman, Scott and Eddy, Sarah L and McDonough, Miles and Smith, Michelle K and Okoroafor, Nnadozie and Jordt, Hannah and Wenderoth, Mary Pat},
  journal={Proceedings of the National Academy of Sciences},
  volume={111},
  number={23},
  pages={8410--8415},
  year={2014},
  publisher={National Acad Sciences}
}

@book{wiggins2005understanding,
  title={Understanding by Design},
  author={Wiggins, Grant P and McTighe, Jay},
  year={2005},
  edition={2nd},
  publisher={Association for Supervision and Curriculum Development (ASCD)},
  isbn={9781416600350}
}



@book{barrows1980problem,
  title={Problem-based learning: An approach to medical education},
  author={Barrows, Howard S and Tamblyn, Robyn M and others},
  volume={1},
  year={1980},
  publisher={Springer Publishing Company}
}

@book{kolb1984experiential,
  title={Experiential Learning: Experience as the Source of Learning and Development 2nd Edition},
  author={Kolb, David A.},
  year={2014},
  publisher={Pearson FT Press},
  isbn={0-13-389240-9}
}

@article{freeman2007sense,
  title={Sense of belonging in college freshmen at the classroom and campus levels},
  author={Freeman, Tierra M and Anderman, Lynley H and Jensen, Jane M},
  journal={The Journal of Experimental Education},
  volume={75},
  number={3},
  pages={203--220},
  year={2007},
  publisher={Taylor \& Francis}
}

 @article{TESS2013A60,
title = {The Role of Social Media in Higher Education Classes (real and Virtual) – A Literature Review},
journal = {Computers in Human Behavior},
volume = {29},
number = {5},
pages = {A60-A68},
year = {2013},
doi = {https://doi.org/10.1016/j.chb.2012.12.032},
author = {Paul A. Tess},
keywords = {Social media, Higher education, Facebook, Twitter, Blogs, Educational technology}
}

@article{keune2022,
    title = {Fabric-Based Computing: (Re)Examining the Materiality of Computer Science Learning Through Fiber Crafts},
    author = {Keune, Anna},
    journal = {KI - Künstliche Intelligenz},
    volume = {36},
    number = {1},
    pages = {69--72},
    year = {2022},
    month = {3},
    doi = {10.1007/s13218-021-00747-1}
}

@article{sadieplant,
    title = {The Future Looms: Weaving Women and Cybernetics},
    author = {Plant, Sadie},
    journal = {Body \& Society},
    volume = {1},
    number = {3-4},
    pages = {45--64},
    year = {1995},
    doi = {10.1177/1357034X95001003003}
}

@inproceedings{qiu2013,
    title = {A curriculum for teaching computer science through computational textiles},
    author = {Qiu, Kanjun and Buechley, Leah and Baafi, Edward and Dubow, Wendy},
    booktitle = {Proceedings of the 12th International Conference on Interaction Design and Children},
    pages = {20--27},
    year = {2013},
    organization = {ACM},
    doi = {10.1145/2485760.2485787}
}